@InProceedings{Adachi2010,
  author = "安達房子",
  title = "テレワークの現状と課題 -在宅勤務および在宅ワークの考察-",
  journal = "京都学陣 大学経営学部論",
  chapter = 20,
  month = oct,
  year = 2010,
}

@InProceedings{Telework2010,
  author = "総務省 情報通信国際戦略局 情報通信経済室",
  title = "テレワークの動向と生産性に関する調査研究",
  year = 2010,
  month = mar,
}

@InProceedings{Hari2006,
  author = "張 少飛 and 小林 浩",
  title = "オンラインテストにおける不正行為の防止策",
  year = 2006,
}

@InProceedings{Toba2010,
  author = "鳥羽美奈子 and 森靖英",
  title = "PC操作ログと映像ログを用いた業務行動モニタリングシステムの初期検討",
  year = 2010,
  month = may,
  memo = "情報処理学会研究報告",
  note = "IPSJ SIG Technical Report",
}
