@InProceedings{tele2017,
  author = "国土交通省 都市局 都市政策課 都市環境政策室",
  title = "平成27年度 テレワーク人口実態調査 - 調査結果の概要 -",
  month = mar,
  year = 2017,
  address = "http://www.mlit.go.jp/common/001124888.pdf",
}

@article{Adachi2010,
  author = "安達房子",
  title = "テレワークの現状と課題 - 在宅勤務および在宅ワークの考察 -",
  journal = "京都学陣 大学経営学部論集 第20巻 49-70頁",
  chapter = 20,
  month = oct,
  year = 2010,
}

@Misc{Telework2010,
  author = "総務省 情報通信国際戦略局 情報通信経済室",
  title = "テレワークの動向と生産性に関する調査研究",
  year = 2010,
  month = mar,
  howpublished = "http://www.soumu.go.jp{\slash}johotsusintokei/linkdata/h22\_06\_houkoku.pdf",
}

@article{Hari2006,
  author = "張 少飛 and 小林 浩",
  title = "オンラインテストにおける不正行為の防止策",
  note = "情報処理学会研究報告. 55-59",
  year = 2006,
}

@InProceedings{Toba2010,
  author = "鳥羽美奈子 and 森靖英",
  title = "{PC}操作ログと映像ログを用いた業務行動モニタリングシステムの初期検討",
  year = 2010,
  month = may,
  volume = "Vol.2010-CVIM-172 No.1",
  note = "情報処理学会研究報告. IPSJ SIG Technical Report",
}

@Misc{VisionAPI,
  author = "Googe Inc",
  title = "{Vision API} - 画像コンテンツ分析 {Google Cloud Platform}",
  year = 2017,
  month = dec,
  note = "https://cloud.google.com/vision/",
}
